<record><leader>00000cas a22000007a 4500</leader><controlfield tag="001">23097595</controlfield><controlfield tag="008">910213d19121912couwr ne      0    0eng d</controlfield><datafield ind1=" " ind2=" " tag="010"><subfield code="a">sn 91052055 </subfield></datafield><datafield ind1=" " ind2=" " tag="040"><subfield code="a">CNQ</subfield><subfield code="b">eng</subfield><subfield code="c">CNQ</subfield><subfield code="d">OCLCQ</subfield></datafield><datafield ind1=" " ind2=" " tag="042"><subfield code="a">msc</subfield></datafield><datafield ind1="0" ind2="0" tag="245"><subfield code="a">Mt. Morrison independent.</subfield></datafield><datafield ind1="1" ind2="3" tag="246"><subfield code="a">Arvada enterprise</subfield></datafield><datafield ind1=" " ind2=" " tag="260"><subfield code="a">Mt. Morrison, Colo. :</subfield><subfield code="b">[Thad S. Sutton]</subfield></datafield><datafield ind1=" " ind2=" " tag="300"><subfield code="a">v.</subfield></datafield><datafield ind1=" " ind2=" " tag="310"><subfield code="a">Weekly</subfield></datafield><datafield ind1="1" ind2=" " tag="362"><subfield code="a">Began in 1912.</subfield></datafield><datafield ind1="0" ind2=" " tag="362"><subfield code="a">-v. 1, no. 41 (Dec. 12, 1912).</subfield></datafield><datafield ind1=" " ind2=" " tag="530"><subfield code="a">Available on microfilm from the Colorado Historical Society.</subfield></datafield><datafield ind1=" " ind2=" " tag="580"><subfield code="a">Issued with: Arvada enterprise (Arvada, Colo. : 1908).</subfield></datafield><datafield ind1=" " ind2=" " tag="588"><subfield code="a">Description based on: Vol. 1, no. 15 (June 13, 1912).</subfield></datafield><datafield ind1=" " ind2=" " tag="752"><subfield code="a">United States</subfield><subfield code="b">Colorado</subfield><subfield code="c">Jefferson</subfield><subfield code="d">Morrison.</subfield></datafield><datafield ind1=" " ind2=" " tag="752"><subfield code="a">United States</subfield><subfield code="b">Colorado</subfield><subfield code="c">Jefferson</subfield><subfield code="d">Arvada.</subfield></datafield><datafield ind1="1" ind2=" " tag="777"><subfield code="t">Arvada enterprise (Arvada, Colo. : 1908)</subfield><subfield code="w">(DLC)sn 90051144</subfield></datafield><datafield ind1="0" ind2="4" tag="785"><subfield code="t">Arvada enterprise (Arvada, Colo. : 1908)</subfield><subfield code="w">(DLC)sn 90051144</subfield></datafield><datafield ind1="1" ind2=" " tag="029"><subfield code="a">AU@</subfield><subfield code="b">000025862008</subfield></datafield></record>